@book{dimitrov2017,
  title={Multiple-base number system: theory and applications},
  author={Dimitrov, Vassil and Jullien, Graham and Muscedere, Roberto},
  year={2017},
  publisher={CRC press}
}
@INPROCEEDINGS{dimitrov1997,
  author={Dimitrov, V.S. and Jullien, G.A. and Miller, W.C.},
  booktitle={Proceedings 13th IEEE Sympsoium on Computer Arithmetic},
  title={Theory and applications for a double-base number system},
  year={1997},
  volume={},
  number={},
  pages={44-51},
  keywords={Calculus;Very large scale integration;Hardware;Table lookup;Digital signal processing;Digital arithmetic;Computer applications;Finite impulse response filter;Computational complexity;Signal processing algorithms},
  doi={10.1109/ARITH.1997.614878}
}
@book{lagarias2023ultimate,
  title={The Ultimate Challenge: The $3 x+ 1$ Problem},
  author={Lagarias, Jeffrey C},
  year={2023},
  publisher={American Mathematical Society}
}
@article{tao2022,
  title={Almost all orbits of the Collatz map attain almost bounded values},
  volume={10},
  DOI={10.1017/fmp.2022.8},
  journal={Forum of Mathematics, Pi},
  author={Tao, Terence}, year={2022},
  pages={e12}
  }